
@inproceedings{bassett_land_2020,
  title = {Land Use Futures for the {{Mojave Desert}}, {{USA}}: {{Implications}} for the {{Mojave}} Desert Tortoise},
  booktitle = {45th {{Annual Meeting}} and {{Symposium}} of the  {{Desert Tortoise Council}}},
  author = {Bassett, S. D. and Friend, D. and Wright, S. A. and Nussear, K. E. and Esque, T. C. and Boyle, D. P. and Heaton, J. S.},
  year = {2020},
  address = {{Las Vegas, NV}}
}

@inproceedings{chen_assessing_2012,
  title = {Assessing Changes in Soils and Vegetation in Related to Illegal Trails at {{Coronado National Memorial}}},
  booktitle = {2nd {{Sonoran Tri}}-National {{Symposium}}},
  author = {Chen, F. C. and Esque, T. C. and Nussear, K. E. and Inman, R. D. and Webb, R. H. and Girard, M.},
  year = {2012},
  address = {{Ajo, AZ}}
}

@inproceedings{drake_does_2012-1,
  title = {Does Translocation Influence Physiological Stress in the {{Agassiz}}'s Desert Tortoise?},
  booktitle = {Symposium on {{Reintroductions}} and {{Translocations}}, 7th {{World Congress}} of {{Herpetology}}},
  author = {Drake, K. K* and Nussear, K. E. and Esque, T. C. and Barber, A. M. and Vittum, K. M. and Medica, P. A. and Tracy, C. R. and Jr, K. W. Hunter},
  year = {2012},
  address = {{Vancouver, B.C., Canada}}
}

@inproceedings{drake_enhancing_2019,
  title = {Enhancing Tortoise Conservation and Management by Understanding and Improving Habitat Condition. [{{Plenary Address}}]},
  booktitle = {44th {{Annual Meeting}} and {{Symposium}} of the {{Desert Tortoise Council}}},
  author = {Drake, K. K. and Esque, T. C. and Nussear, K. E.},
  year = {2019},
  address = {{Tucson, AZ}}
}

@inproceedings{drake_fire_2009,
  title = {Fire in the {{Mojave}} Desert: {{Understanding}} Desert Tortoise Use of Burned Critical Habitat},
  booktitle = {Turtle and {{Tortoise Symposium}}, {{Joint Meeting}} of the {{American Society}} of {{Ichthyologists}} and {{Herpetologists}}, {{Society}} for the {{Study}} of {{Amphibians}} and {{Reptiles}}, and the {{Herpetologists}}' {{League}}},
  author = {Drake, K. K. and Nussear, K. E. and Esque, T. C. and DeFalco, L. A. and Inman, R. D. and Medica, P. A.},
  year = {2009},
  address = {{Portland, Oregon}}
}

@inproceedings{esque_evaluating_2012,
  title = {Evaluating and Developing Methods to Document Unlisted Roads and Trails on {{National Park Service}} Lands},
  booktitle = {2nd {{Sonoran Tri}}-National {{Symposium}}},
  author = {Esque, T. C. and Nussear, K. E. and Inman, R. and Webb, R. H. and Girard, M. and DeGayner, J.},
  year = {2012},
  address = {{Ajo, AZ}}
}

@inproceedings{esque_habitat_2009,
  title = {A Habitat Suitability Model for the {{Mojave}} Desert Tortoise: {{Importance}} of Ecological Parameters and Conservation {{Implications}} [{{Joint Presentation}}]},
  booktitle = {Turtle and {{Tortoise Symposium}}, {{Joint Meeting}} of the {{American Society}} of {{Ichthyologists}} and {{Herpetologists}}, {{Society}} for the {{Study}} of {{Amphibians}} and {{Reptiles}}, and the {{Herpetologists}}' {{League}}},
  author = {Esque, T. C. and Nussear*, K. E. and Heaton, J. S. and Webb, R. H. and Thomas, K. A. and Gass, L. and Wallace, C. S. A. and Blainey, J. B. and Inman, R. D.},
  year = {2009},
  address = {{Portland, Oregon}}
}

@inproceedings{esque_heat_2010,
  title = {The {{Heat}} Is on: Desert Tortoises and Survival. {{Introduction}} to a New {{USGS}} Documentary Video Exploring the World of the {{Mojave}} Desert Tortoise [2 {{Joint}} Presentations]},
  booktitle = {20th {{Anniversary}} of {{USGS Evening Public Lecture Series}}},
  author = {Esque, T. C. and Nussear*, K. E.},
  year = {2010},
  address = {{Menlo Park, CA}}
}

@inproceedings{esque_short-term_2008,
  title = {A Short-Term Evaluation of a Long-Term Research Problem: Desert Tortoises, Their Habitats and Fire},
  booktitle = {Annual {{Meeting}} of the {{Southern California Academy}} of {{Sciences}}},
  author = {Esque, T. C. and Drake, K. K. and DeFalco, L. A. and Nussear, K. E. and {Scoles-Sciulla}, S. and Medica, P. A.},
  year = {2008},
  address = {{California State University, Dominguez Hills, CA}}
}

@inproceedings{hagerty_landscape_2009,
  title = {A Landscape Genetic Approach to Identifying Connectivity for the {{Mojave}} Desert Tortoise},
  booktitle = {Turtle and {{Tortoise Symposium}}, {{Joint Meeting}} of the {{American Society}} of {{Ichthyologists}} and {{Herpetologists}}, {{Society}} for the {{Study}} of {{Amphibians}} and {{Reptiles}}, and the {{Herpetologists}}' {{League}}},
  author = {Hagerty, B. E.* and Nussear, K. E. and Esque, T. C. and Tracy, C. R.},
  year = {2009},
  address = {{Portland, Oregon}}
}

@inproceedings{howard_assessing_2012,
  title = {Assessing the Vulnerability of Soils and Plant Communities to Illegal Border-Crossing Activities within {{Organ Pipe Cactus National Monument}}},
  booktitle = {2nd {{Sonoran Tri}}-National {{Symposium}}},
  author = {Howard, S. M. S. and Esque, T. C. and Nussear, K. E. and Webb, R. H. and Inman, R. and Holm, P. and Girard, M. and Petersen, K. N. and Sturm, M.},
  year = {2012},
  address = {{Ajo, AZ}}
}

@inproceedings{medica_long-term_2009,
  title = {Long-Term Growth and Natural History of a Population of Desert Tortoises ({{Gopherus}} Agassizii) in Southern {{Nevada}}},
  booktitle = {Turtle and {{Tortoise Symposium}}, {{Joint Meeting}} of the {{American Society}} of {{Ichthyologists}} and {{Herpetologists}}, {{Society}} for the {{Study}} of {{Amphibians}} and {{Reptiles}}, and the {{Herpetologists}}' {{League}}},
  author = {Medica, P. A. and Nussear, K. E. and Esque, T. C. and Saethre, M. B.},
  year = {2009},
  address = {{Portland, Oregon}}
}

@inproceedings{nussear_approach_2016,
  title = {Approach and Progress on Species Modeling for {{Clark County}} Covered Species Analysis Support},
  booktitle = {Clark {{County Desert Conservation Program Science Symposium}}},
  author = {Nussear, K. E. and Esque, T. C. and Shryock, D. F.},
  year = {2016},
  address = {{Las Vegas, NV}}
}

@inproceedings{nussear_can_2002,
  title = {Can We Count Uncooperative Tortoises? {{The}} Effects of Annual and Seasonal Variability of {{G0}} on Density Estimates},
  booktitle = {University of {{Redlands}}},
  author = {Nussear, K. E.},
  year = {2002},
  address = {{Redlands, CA}}
}

@inproceedings{nussear_connectivity_2017,
  title = {Connectivity of Desert Tortoise Populations Bridging Man-Made and Natural Constrictions in Habitat},
  booktitle = {Annual {{Symposium}} of the {{Desert Tortoise Council}}},
  author = {Nussear, K. E. and Esque, T. C. and Vandergast, A. and Dutcher, K. and Drake, K. K. and Nitelberg, A. and Heaton, J. S.},
  year = {2017},
  address = {{Las Vegas, NV}}
}

@inproceedings{nussear_conservation_2012,
  title = {Conservation Corridors for Desert Tortoises},
  booktitle = {Southwest {{Partners}} in {{Amphibian}} and {{Reptile Conservation}}},
  author = {Nussear, K. E. and Esque, T. C. and Modlin, A. and Sorber, J.},
  year = {2012},
  address = {{Las Vegas, NV}}
}

@inproceedings{nussear_evaluating_2012,
  title = {Evaluating Soil Vulnerability to Compaction at {{Organ Pipe Cactus National Monument}}, {{Arizona}}},
  booktitle = {2nd {{Sonoran Tri}}-National {{Symposium}}},
  author = {Nussear, K. E. and Esque, T. C. and Webb, R. H. and Snyder, M. A. and Carmichael, S. D.},
  year = {2012},
  address = {{Ajo, AZ}}
}

@inproceedings{nussear_experimental_2012,
  title = {Experimental Translocations of Desert Tortoises: What Have We Learned so Far?},
  booktitle = {{{USFWS Desert}} Tortoise {{Translocation}}/{{Disease Risk Assessment Workshop}}},
  author = {Nussear, K. E. and Tracy, C. R. and Medica, P. A. and Field, K. J. and Esque, T. C. and Drake, K. K.},
  year = {2012},
  address = {{Las Vegas, NV}}
}

@inproceedings{nussear_experimental_2012-1,
  title = {Experimental Translocation of Desert Tortoises Spanning Two Decades and Three States},
  booktitle = {Symposium on {{Reintroductions}} and {{Translocations}} - 7th {{World Congress}} of {{Herpetology}}},
  author = {Nussear, K. E. and Tracy, C. R. and Medica, P. A. and Field, K. J. and Esque, T. C. and Drake, K. K.},
  year = {2012},
  address = {{Vancouver, B.C., Canada}}
}

@inproceedings{nussear_fire_2014,
  title = {Fire Risk and Responses of Tortoise to Burned Habitat in the Northeastern {{Mojave}} Desert},
  booktitle = {Mojave {{Desert Fire Science}} and {{Management Workshop}}},
  author = {Nussear, K. E. and Esque, T. C. and DeFalco, L. A. and Drake, K. K. and VanLinn, P. and Inman, R. D.},
  year = {2014},
  address = {{Barstow, CA}}
}

@inproceedings{nussear_future_2019,
  title = {Future Directions: Pushing the Status of Knowledge about Desert Tortoise Connectivity},
  booktitle = {Desert {{Tortoise Management Oversight Group}}},
  author = {Nussear, K. E. and Heaton, J. S. and Bassett, S. D. and Boyle, D. P. and Matocq, M. D. and Esque, T. C. and Vandergast, A. G. and Hromada, S. J. and Dutcher, K. E. and Mitchell, C. I.},
  year = {2019},
  address = {{Las Vegas, NV}}
}

@inproceedings{nussear_gis_2016,
  title = {{{GIS}} and Modeling, Unlocking the Secrets to Habitat, Genetics and the Future for Sensitive Species},
  booktitle = {{{UNR Department}} of {{Geography Seminar}}},
  author = {Nussear, K. E.},
  year = {2016},
  address = {{Reno, NV}}
}

@inproceedings{nussear_habitat_2011,
  title = {Habitat Suitability of Desert Tortoises and {{Mohave}} Ground Squirrels. {{Coachella Valley}} Association of Governments},
  booktitle = {Conference on {{Information Management}} for {{Regional Conservation Planning}}: {{Building Connections}}},
  author = {Nussear, K. E. and Esque, T. C. and Inman, R. D.},
  year = {2011},
  address = {{Redlands, CA}}
}

@inproceedings{nussear_is_2020,
  title = {Is Brown the New Green? {{Is}} There Room for All of Us? {{Are}} We Doing All We Can to Recover Protected Species?},
  booktitle = {Boyd {{Deep Canyon Lecture Series}}},
  author = {Nussear, K. E.},
  year = {2020},
  address = {{Palm Springs, CA}}
}

@inproceedings{nussear_management_2002,
  title = {Management Considerations for Translocation of Desert Tortoises},
  booktitle = {Annual {{Meeting}} of the {{Utah Chapter}} of the {{Wildlife Society}}},
  author = {Nussear, K. E.},
  year = {2002},
  address = {{Cedar City, UT}}
}

@inproceedings{nussear_mojave_2019,
  title = {Mojave Desert Tortoise Research: Desert Tortoise Connectivity Study},
  booktitle = {{{DOI Inter}}-Agency {{Ivanpah Valley Desert Tortoise Connectivity Meeting}}},
  author = {Nussear, K. E. and Esque, T.C. and Vandergast, A. G. and Dutcher, K. E. and Hromada, S. J. and Mitchell, C. I.},
  year = {2019},
  address = {{Las Vegas, NV}}
}

@inproceedings{nussear_new_2003,
  title = {New Light through Old Windows: {{Analyses}} of Plot and Transect Data},
  booktitle = {Desert {{Tortoise Management Oversight Group}}},
  author = {Nussear, K. E. and Tracy, C. R. and Inman, R. D. and Heaton, J. S.},
  year = {2003},
  address = {{Las Vegas, NV}}
}

@inproceedings{nussear_potential_2008,
  title = {Potential Climate Change Impacts on the Desert Tortoise},
  booktitle = {California {{Energy Commission}} and {{California Department}} of {{Fish}} and {{Game}} Seminar on Climate Change and Ecological Resources in {{California}}},
  author = {Nussear, K. E. and Inman, R. D. and Esque, T. C.},
  year = {2008},
  address = {{Sacramento, CA}}
}

@inproceedings{nussear_potential_2010,
  title = {Potential Impacts of Renewable Energy Development to Wildlife Movement and Population Persistence in the Desert Southwest},
  booktitle = {17th {{Annual Conference}} of {{The Wildlife Society}}},
  author = {Nussear, K. E. and Esque, T. C. and Vandergast, A. and Fisher, R.},
  year = {2010},
  address = {{Snowbird, UT}}
}

@inproceedings{nussear_progress_2020,
  title = {Progress toward Understanding the Impacts of Land Use and Climate Change on Desert Tortoise Structural Genetics and Corridor Functionality},
  booktitle = {45th {{Annual Meeting}} and {{Symposium}} of the  {{Desert Tortoise Council}}},
  author = {Nussear, K. E. and Heaton, J. S. and Bassett, S. D. and Boyle, D. P. and Matocq, M. D. and Parandhaman, A. and Friend, D. and Wright, S. and Dutcher, K. E. and Hromada, S. J. and Mitchell, C. I. and Vandergast, A. G. and Esque, T. C.},
  year = {2020},
  address = {{Las Vegas, NV}}
}

@inproceedings{nussear_resident_2006,
  title = {Resident Tortoise Studies in Preparation for Desert Tortoise Translocations at {{Fort Irwin National Training Center}}, {{California}}},
  booktitle = {Annual {{Symposium}} of the {{Desert Tortoise Council}}},
  author = {Nussear, K. E. and Esque, T. C. and Drake, K. K. and Medica, P. A.},
  year = {2006},
  address = {{Tucson, AZ}}
}

@inproceedings{nussear_results_2013,
  title = {Results from Experimental Translocations of Desert Tortoises in the {{Mojave}} Desert},
  booktitle = {Desert {{Tortoise Translocation Webinar}} for {{Desert Managers Group}} Agencies, Partners, and Stakeholders},
  author = {Nussear, K. E. and Tracy, C. R. and Medica, P. A. and Field, K. J. and Esque, T. C. and Drake, K. K.},
  year = {2013}
}

@inproceedings{nussear_species_2019,
  title = {Species Distribution Modeling for {{Clark County Phase II}}  - 17 (18)Additional Species},
  booktitle = {Clark {{County Desert Conservation Program Science Symposium}}},
  author = {Nussear, K. E. and Simandle, E. T.},
  year = {2019},
  address = {{Las Vegas, NV}}
}

@inproceedings{nussear_translocation_2000-1,
  title = {Translocation of Desert Tortoises: An Efficacious Tool in Conservation},
  booktitle = {Partners in Amphibian and Reptile Conservation Seminar. {{Joint Meeting}} of the {{American Society}} of {{Ichthyologists}} and {{Herpetologists}}, {{Society}} for the {{Study}} of {{Amphibians}} and {{Reptiles}}, and the {{Herpetologists}}' {{League}}},
  author = {Nussear, K. E. and Tracy, C. R. and Field, K. J. and Wilson, D. S. and Medica, P. A. and Marlow, R. W. and Saethre, M. B. and Simandle, E. T. and Corn, P. S.},
  year = {2000},
  address = {{La Paz, Mexico}}
}

@inproceedings{nussear_translocation_2002,
  title = {Translocation of the Threatened Desert Tortoise: An Effective Conservation Strategy?},
  booktitle = {Desert {{Tortoise Management Oversight Group}}},
  author = {Nussear, K. E.},
  year = {2002},
  address = {{Las Vegas, NV}}
}

@inproceedings{nussear_translocation_2007,
  title = {Translocation of Desert Tortoises in the Northeast {{Mojave}}},
  booktitle = {Fifth {{Annual Symposium}} on the {{Conservation}} and {{Biology}} of {{Tortoises}} and {{Freshwater Turtles}}},
  author = {Nussear, K. E. and Tracy, C. R. and Field, K. J. and Medica, P. A. and Corn, P. S. and Marlow, R. W. and Esque, T. C.},
  year = {2007},
  address = {{Atlanta, GA}}
}

@inproceedings{nussear_updates_2019,
  title = {Updates on Ongoing Desert Tortoise Research: Desert Tortoise Connectivity Study},
  booktitle = {{{BLM Mojave Desert}} Tortoise Workshop},
  author = {Nussear, K. E. and Esque, T.C. and Vandergast, A. G. and Dutcher, K. E. and Hromada, S. J. and Mitchell, C. I.},
  year = {2019},
  address = {{Las Vegas, NV}}
}

@inproceedings{nussear_year_2017,
  title = {Year 2 Progress on Species Modeling for {{Clark County}} Covered Species Analysis Support},
  booktitle = {Clark {{County Desert Conservation Program Science Symposium}}},
  author = {Nussear, K. E. and Esque, T. C. and Shryock, D. F.},
  year = {2017},
  address = {{Las Vegas, NV}}
}

@inproceedings{shoemaker_assessing_2020,
  title = {Assessing Critical Habitat Breadth for the {{Mojave}} Desert Tortoise},
  booktitle = {45th {{Annual Meeting}} and {{Symposium}} of the  {{Desert Tortoise Council}}},
  author = {Shoemaker, K. T. and Walden, M. A. and Hunter, E. A. and Esque, T. C. and Nussear, K. E.},
  year = {2020},
  address = {{Las Vegas, NV}}
}

@inproceedings{tracy_overview_2006,
  title = {Overview of Conservation Physiology},
  booktitle = {Annual {{Meetings}} of the {{Society}} for {{Integrative}} and {{Comparative Biology}}},
  author = {Tracy, C. R. and Nussear, K. E. and Esque, T. E. and Zimmerman, L. and {Dean-Bradley}, K. and Castle, K. and Espinoza, R. and Tracy, C.},
  year = {2006},
  address = {{Orlando, FL}}
}

@inproceedings{webb_soil_2012,
  title = {Soil Disruption in a Dry Sandy Loam: {{The FOB}} Experiment at {{Organ Pipe Cactus National Monument}}},
  booktitle = {2nd {{Sonoran Tri}}-National {{Symposium}}},
  author = {Webb, R. H. and Esque, T. C. and Nussear, K. E. and Sturm, M.},
  year = {2012},
  address = {{Ajo, AZ}}
}


