%% This BibTeX bibliography file was created using BibDesk.
%% http://www.cs.ucsd.edu/~mmccrack/bibdesk.html


%% Created for Ken Nussear at 2017-04-17 15:32:15 -0700 


%% Saved with string encoding Unicode (UTF-8) 



@incollection{Rostal2014,
	Author = {Nussear, K. E. and Tuberville, T. D.},
	Booktitle = {Biology and Conservation of North American Tortoises},
	Chapter = {9},
	Editor = {Rostal, David C. and McCoy, Earl D. and Mushinsky, Henry R.},
	Isbn = {1421413779},
	Pages = {208},
	Publisher = {JHU Press},
	Title = {{Habitat Characteristics of North American Tortoises. In. Biology and Conservation of North American Tortoises}},
	Url = {http://books.google.com/books?id=CKr6AwAAQBAJ{\&}pgis=1},
	Year = {2014},
	Bdsk-Url-1 = {http://books.google.com/books?id=CKr6AwAAQBAJ%7B%5C&%7Dpgis=1}}

@article{vandergast2013evolutionary,
	Author = {Vandergast, A. G. and Inman, R. D. and Barr, K. R. and Nussear, K. E. and Esque, T. C. and Hathaway, S. A. and Wood, D. A. and Medica, P. A. and Breinholt, J. W. and Stephen, C. L. and Gottscho, A. D. and Marks, S. B. and Bryan J., W. and Fisher, R. N.},
	Doi = {10.3390/d5020293},
	Isbn = {1424-2818},
	Issn = {14242818},
	Journal = {Diversity},
	Keywords = {Genetic diversity and divergence, Renewable energy development, Wildlife conservation},
	Number = {2},
	Pages = {293--319},
	Publisher = {Multidisciplinary Digital Publishing Institute},
	Title = {{Evolutionary hotspots in the mojave desert}},
	Volume = {5},
	Year = {2013},
	Bdsk-Url-1 = {http://dx.doi.org/10.3390/d5020293}}

@article{Drake:fk,
	Author = {Drake, K. K. and Bowen, L. and Nussear, K. E. and Esque, T. C. and Berger, A. J. and Custer, N. A. and Waters, S. C. and Johnson, J. D. and Miles, A. K. and Lewison, R. L.},
	Date-Modified = {2017-04-17 22:29:43 +0000},
	Journal = {Ecosphere},
	Title = {{Negative impacts of invasive plants on conservation of sensitive desert wildlife}}}

@article{webb2013disruption,
	Author = {Webb, R. H. and Esque, T. C. and Nussear, K. E. and Sturm, M.},
	Doi = {10.1016/j.jaridenv.2013.03.016},
	Issn = {01401963},
	Journal = {Journal of Arid Environments},
	Keywords = {Hiker impacts, Land management, Off-road vehicles, Soil bulk density, Soil compaction},
	Pages = {75--83},
	Publisher = {Academic Press},
	Title = {{Disruption rates for one vulnerable soil in Organ Pipe Cactus National Monument, Arizona, USA}},
	Volume = {95},
	Year = {2013},
	Bdsk-Url-1 = {http://dx.doi.org/10.1016/j.jaridenv.2013.03.016}}

@incollection{Rostal2014b,
	Author = {Esque, T. C. and Drake, K. K. and Nussear, K. E.},
	Booktitle = {Biology and Conservation of North American Tortoises},
	Chapter = {10},
	Editor = {Rostal, David C and McCoy, Earl D and Mushinsky, Henry R},
	Isbn = {1421413779},
	Pages = {208},
	Publisher = {JHU Press},
	Title = {{Water and Food Acquisition and Their Consequences on Life History and Metabolism of North American Tortoises}},
	Url = {http://books.google.com/books?id=CKr6AwAAQBAJ{\&}pgis=1},
	Year = {2014},
	Bdsk-Url-1 = {http://books.google.com/books?id=CKr6AwAAQBAJ%7B%5C&%7Dpgis=1}}

@article{Esque2016,
	Author = {Esque, T. C. and Inman, R. D. and Nussear, K. E. and Webb, R. H. and Girard, M. M. and DeGayner, J.},
	Doi = {http://dx.doi.org/10.3375/043.036.0305},
	Journal = {Natural Areas Journal},
	Keywords = {US/Mexico, disturbance, international border, soil impacts, unauthorized trails and roads},
	Pages = {248--258},
	Publisher = {Natural Areas Association},
	Title = {{Comparison of Methods to Monitor the Distribution and Impacts of Unauthorized Travel Routes in a Border Park}},
	Volume = {July 2016},
	Year = {2016},
	Bdsk-Url-1 = {http://dx.doi.org/10.3375/043.036.0305}}

@article{JPE:JPE12774,
	Author = {Nafus, M. G. and Esque, T. C. and Averill-Murray, R. C. and Nussear, K. E. and Swaisgood, R. R.},
	Doi = {10.1111/1365-2664.12774},
	Issn = {00218901},
	Journal = {Journal of Applied Ecology},
	Keywords = {Gopherus agassizii, burrow, camouflage, concealment, desert tortoise, dispersal, refugia, reinforcement, substrate, translocation},
	Pages = {n/a--n/a},
	Title = {{Habitat drives dispersal and survival of translocated juvenile desert tortoises}},
	Url = {http://doi.wiley.com/10.1111/1365-2664.12774},
	Year = {2016},
	Bdsk-Url-1 = {http://doi.wiley.com/10.1111/1365-2664.12774},
	Bdsk-Url-2 = {http://dx.doi.org/10.1111/1365-2664.12774}}

@article{wood2012comparative,
	Author = {Wood, D. A. and Vandergast, A. G. and Barr, K. R. and Inman, R. D. and Esque, T. C. and Nussear, K. E. and Fisher, R. N.},
	Doi = {10.1111/ddi.12022},
	Isbn = {13669516},
	Issn = {13669516},
	Journal = {Diversity and Distributions},
	Keywords = {Biogeography, Conservation planning, Desert southwest, Evolutionary potential, Genetic diversity},
	Number = {7},
	Pages = {722--737},
	Publisher = {Wiley Online Library},
	Title = {{Comparative phylogeography reveals deep lineages and regional evolutionary hotspots in the Mojave and Sonoran Deserts}},
	Volume = {19},
	Year = {2013},
	Bdsk-Url-1 = {http://dx.doi.org/10.1111/ddi.12022}}

@article{drake2012does,
	Author = {Drake, K. K. and Nussear, K. E. and Esque, T. C. and Barber, A. M. and Vittum, K. M. and Medica, P. A. and Tracy, C. R. and Hunter, K. W.},
	Doi = {10.1111/j.1469-1795.2012.00549.x},
	Isbn = {- 1469-1795},
	Issn = {13679430},
	Journal = {Animal Conservation},
	Keywords = {Corticosterone, Desert tortoise, Gopherus agassizii, Mojave Desert, Stress, Translocation},
	Number = {6},
	Pages = {560--570},
	Pmid = {84387164},
	Publisher = {Wiley Online Library},
	Title = {{Does translocation influence physiological stress in the desert tortoise?}},
	Volume = {15},
	Year = {2012},
	Bdsk-Url-1 = {http://dx.doi.org/10.1111/j.1469-1795.2012.00549.x}}

@article{nussear2012translocation,
	Author = {Nussear, K. E. and Tracy, C. R. and Medica, P. A. and Wilson, D. S. and Marlow, R. W. and Corn, P. S.},
	Doi = {10.1002/jwmg.390},
	Isbn = {0022-541X},
	Issn = {0022541X},
	Journal = {Journal of Wildlife Management},
	Keywords = {Gopherus agassizii, animal movements, conservation strategies, reproduction, reptile, site fidelity, tortoise relocation, translocation},
	Number = {7},
	Pages = {1341--1353},
	Publisher = {Wiley Online Library},
	Title = {{Translocation as a conservation tool for Agassiz's desert tortoises: Survivorship, reproduction, and movements}},
	Volume = {76},
	Year = {2012},
	Bdsk-Url-1 = {http://dx.doi.org/10.1002/jwmg.390}}

@article{medica2012long,
	Author = {Medica, P. A. and Nussear, K. E. and Esque, T. C. and Saethre, M. B.},
	Doi = {10.1670/11-327},
	Isbn = {0022-1511; 1937-2418},
	Issn = {0022-1511},
	Journal = {Journal of Herpetology},
	Number = {1},
	Pages = {213--220},
	Publisher = {BioOne},
	Title = {{Long-Term Growth of Desert Tortoises ( Gopherus agassizii ) in a Southern Nevada Population}},
	Volume = {46},
	Year = {2012},
	Bdsk-Url-1 = {http://dx.doi.org/10.1670/11-327}}

@article{hagerty2011making,
	Author = {Hagerty, B. E. and Nussear, K, E. and Esque, T. C. and Tracy, C. R.},
	Doi = {10.1007/s10980-010-9550-6},
	Issn = {09212973},
	Journal = {Landscape Ecology},
	Keywords = {Desert tortoise, Gopherus agassizii, Habitat suitability model, Isolation-by-resistance, Landscape genetics, Least-cost-path, Mojave desert},
	Number = {2},
	Pages = {267--280},
	Pmid = {845872767},
	Publisher = {Springer},
	Title = {{Making molehills out of mountains: Landscape genetics of the Mojave desert tortoise}},
	Volume = {26},
	Year = {2011},
	Bdsk-Url-1 = {http://dx.doi.org/10.1007/s10980-010-9550-6}}

@article{esque2010effects,
	Arxivid = {arXiv:1011.1669v3},
	Author = {Esque, T. C. and Nussear, K. E. and Drake, K. Kristina and Walde, A. D. and Berry, K. H. and Averill-Murray, R. C. and Woodman, A. P. and Boarman, W. I. and Medica, P. A. and Mack, J. and Heaton, J. S.},
	Doi = {10.3354/esr00298},
	Isbn = {9780874216561},
	Issn = {18635407},
	Journal = {Endangered Species Research},
	Keywords = {Coyote, Gopherus agassizii, Mojave desert, Predation, Prey, Translocation},
	Number = {2},
	Pages = {167--177},
	Pmid = {25246403},
	Title = {{Effects of subsidized predators, resource variability, and human population density on desert tortoise populations in the Mojave Desert, USA}},
	Volume = {12},
	Year = {2010},
	Bdsk-Url-1 = {http://dx.doi.org/10.3354/esr00298}}

@article{inman2009detecting,
	Author = {Inman, R. D. and Nussear, K. E. and Tracy, C. R.},
	Doi = {10.3354/esr00214},
	Issn = {18635407},
	Journal = {Endangered Species Research},
	Keywords = {Abundance, Biologging, Desert tortoise, Detection probability, Distance, Gopherus agassizii, Monitoring, Population trend, Sampling availability},
	Number = {1},
	Pages = {295--304},
	Publisher = {Inter-Research, Nordbuente 23 Oldendorf/Luhe 21385 Germany},
	Title = {{Detecting trends in desert tortoise population growth: elusive behavior inflates variance in estimates of population density}},
	Volume = {10},
	Year = {2010},
	Bdsk-Url-1 = {http://dx.doi.org/10.3354/esr00214}}

@article{heaton2008spatially,
	Author = {Heaton, J. S. and Nussear, K. E. and Esque, T. C. and Inman, R. D. and Davenport, F. M. and Leuteritz, T. E. and Medica, P. A. and Strout, N. W. and Burgess, P. A.},
	Doi = {10.1007/s10531-007-9282-3},
	Journal = {Biodiversity and Conservation},
	Keywords = {1200 e, a, benvenuti, burgess, ca 92373-3755, colton ave, conservation and management, davenport, dss, e, f, fort irwin, geographic information systems, gis, gopherus agassizii, heaton, j, l, leuteritz, m, mitigation, n, national training center at, p, redlands, redlands institute, s, strout, t, threatened species, university of redlands, usa, w},
	Number = {3},
	Pages = {575--590},
	Publisher = {Springer},
	Title = {{Spatially explicit decision support for selecting translocation areas for Mojave desert tortoises}},
	Volume = {17},
	Year = {2008},
	Bdsk-Url-1 = {http://dx.doi.org/10.1007/s10531-007-9282-3}}

@article{nussear2007desert,
	Author = {Nussear, K. E. and Esque, T. C. and Haines, D. F. and Tracy, C. R.},
	Doi = {10.1643/0045-8511(2007)7[378:DTHTTA]2.0.CO;2},
	Isbn = {0045-8511},
	Issn = {0045-8511},
	Journal = {Copeia},
	Keywords = {dtb},
	Number = {2},
	Pages = {378--386},
	Publisher = {The American Society of Ichthyologists and Herpetologists 810 East 10th Street, PO Box 1897, Lawrence, Kansas 66044},
	Title = {{Desert tortoise hibernation: temperatures, timing, and environment}},
	Url = {http://www.bioone.org/doi/abs/10.1643/0045-8511{\%}282007{\%}297{\%}5B378{\%}3ADTHTTA{\%}5D2.0.CO{\%}3B2},
	Volume = {2007},
	Year = {2007},
	Bdsk-Url-1 = {http://dx.doi.org/10.1643/0045-8511(2007)7%5B378:DTHTTA%5D2.0.CO;2}}

@article{heaton2008comparison,
	Author = {Heaton, J and Cablk, M and Nussear, K and Esque, T and Medica, P and Sagebiel, J and Francis, S},
	Doi = {10.1894/PAS-03.1},
	Issn = {00384909},
	Journal = {Southwestern Naturalist},
	Number = {4},
	Pages = {472--479},
	Publisher = {BioOne},
	Title = {{Comparison of effects of humans versus wildlife-detector dogs}},
	Volume = {53},
	Year = {2008},
	Bdsk-Url-1 = {http://dx.doi.org/10.1894/PAS-03.1}}

@article{Tracy2006,
	Author = {Tracy, C. R. and Nussear, K. E. and Esque, T. C. and Dean-Bradley, K. and Tracy, C. R. and DeFalco, L. A. and Castle, K. T. and Zimmerman, L. C. and Espinoza, R. E. and Barber, A. M.},
	Doi = {10.1093/icb/icl054},
	Isbn = {1540-7063},
	Issn = {15407063},
	Journal = {Integrative and Comparative Biology},
	Month = {12},
	Number = {6},
	Pages = {1191--1205},
	Pmid = {21672817},
	Title = {{The importance of physiological ecology in conservation biology}},
	Url = {http://icb.oxfordjournals.org/content/46/6/1191.short},
	Volume = {46},
	Year = {2006},
	Bdsk-Url-1 = {http://icb.oxfordjournals.org/content/46/6/1191.short},
	Bdsk-Url-2 = {http://dx.doi.org/10.1093/icb/icl054}}

@article{nussear2007can,
	Author = {Nussear, K. E. and Tracy, C. R.},
	Doi = {10.1890/05-1970},
	Isbn = {1051-0761},
	Issn = {10510761},
	Journal = {Ecological Applications},
	Keywords = {Activity modeling, Detectability, Distance sampling, Gopherus agassizii, Monitoring, Neural network modeling, Power analysis},
	Month = {3},
	Number = {2},
	Pages = {579--586},
	Pmid = {17489261},
	Publisher = {Eco Soc America},
	Title = {{Can modeling improve estimation of desert tortoise population densities?}},
	Url = {http://www.ncbi.nlm.nih.gov/pubmed/17489261},
	Volume = {17},
	Year = {2007},
	Bdsk-Url-1 = {http://www.ncbi.nlm.nih.gov/pubmed/17489261},
	Bdsk-Url-2 = {http://dx.doi.org/10.1890/05-1970}}

@article{Simandle2001a,
	Author = {Simandle, E. T. and Espinoza, R. E. and Nussear, K. E. and Tracy, C. R.},
	Doi = {10.1086/322923},
	Isbn = {1522-2152},
	Issn = {15222152},
	Journal = {Physiological and biochemical zoology : PBZ},
	Keywords = {Adaptation, Animals, Body Temperature, Dietary, Non-U.S. Gov't, Physiological},
	Number = {5},
	Pages = {625--640},
	Pmid = {11517448},
	Title = {{Lizards, lipids, and dietary links to animal function.}},
	Volume = {74},
	Year = {2001},
	Bdsk-Url-1 = {http://dx.doi.org/10.1086/322923}}

@article{Nussear1998,
	Author = {Nussear, K. E. and Espinoza, R. E. and Gubbins, C. M. and Field, K. J. and Hayes, J. P.},
	Doi = {10.1007/s003600050135},
	Issn = {0174-1578},
	Journal = {Journal of Comparative Physiology B},
	Keywords = {diet quality, herbivory, resting metabolic rate, sauromalus obesus, thermoregulation},
	Number = {3},
	Pages = {183--189},
	Publisher = {SPRINGER VERLAG 175 FIFTH AVE, NEW YORK, NY 10010 USA},
	Title = {{Diet quality does not affect resting metabolic rate or body temperatures selected by an herbivorous lizard.}},
	Url = {http://www.springerlink.com/openurl.asp?genre=article{\&}id=doi:10.1007/s003600050135},
	Volume = {168},
	Year = {1998},
	Bdsk-Url-1 = {http://www.springerlink.com/openurl.asp?genre=article%7B%5C&%7Did=doi:10.1007/s003600050135},
	Bdsk-Url-2 = {http://dx.doi.org/10.1007/s003600050135}}

@article{Nussear2000,
	Author = {Nussear, K. E. and Simandle, E. T. and Tracy, C. R.},
	Journal = {Herpetological Journal},
	Keywords = {color, colour, energy, energ{\'{i}}a, radiaci{\'{o}}n, radiation},
	Pages = {119--122},
	Title = {{Misconceptions about colour, infrered radiation, and enegy exchange between animals and their environments}},
	Volume = {10},
	Year = {2000}}

@article{Nussear2002,
	Author = {Nussear, K. E. and Esque, T. C. and Tracy, C. R.},
	Issn = {0018084X},
	Journal = {Herpetological Review},
	Number = {2},
	Pages = {113--115},
	Title = {{Continuously recording body temperature in terrestrial chelonians}},
	Volume = {33},
	Year = {2002}}

@inproceedings{zzz,
	Address = {Las Vegas, NV},
	Author = {{Aiello} and M.*, C and Nussear, K E and Walde, A D and Esque, T C and Emblidge, P G and Sah, P and Bansal, S and {and P. J. Hudson}},
	Booktitle = {40th Annual Meeting and Symposium The Desert Tortoise Council},
	Title = {{Evaluating Disease Risk from a Population Perspective: Does Translocation Change Tortoise Contact Networks into Pathogen Highways?}},
	Year = {2015}}

@inproceedings{z2,
	Author = {Drake, K K.* and Esque, T C and Nussear, K E and Bowen, L and Miles, K and Lewison, R},
	Booktitle = {40th Annual Meeting and Symposium The Desert Tortoise Council},
	Title = {{Dynamic Physiological Responses in the Mojave Desert Tortoise to Habitat Disturbance and Environmental Change}},
	Year = {2015}}

@inproceedings{Emblidge:2015ty,
	Address = {Las Vegas, NV},
	Author = {Emblidge, P G.* and Aiello, C M and Nussear, K E and Esque, T C and {and A. D. Walde}},
	Booktitle = {40th Annual Meeting and Symposium The Desert Tortoise Council},
	Title = {{The American Badger as a potential predator of local tortoise populations}},
	Year = {2015}}

@inproceedings{Simes:2015ct,
	Address = {Sacramento CA},
	Author = {Simes, M.* and Johnson, A D and Longshore, K and Esque, T C and Nussear, K E},
	Booktitle = {The CA/NV Golden Eagle Technical Team Meeting Meeting of the Raptor Research Foundation},
	Title = {{Non-eagle use of active and inactive Golden Eagle (Aquila chyrsaetos) nest sites: new insights gained through digital trail camera monitoring [Poster]}},
	Year = {2015}}

@inproceedings{Wiens:2015oa,
	Address = {Sacramento, CA},
	Author = {Wiens, J D.* and Inman, R D and H., N and {Schumaker} and Esque, T C and Longshore, K and Nussear, K E},
	Booktitle = {The CA/NV Golden Eagle Technical Team Meeting Meeting of the Raptor Research Foundation},
	Title = {{Risk-assessment of renewable energy development to Golden Eagles (Aquila chrysaetos) in the california desert: insights from a spatially structured population model}},
	Year = {2015}}

@inproceedings{Cablk:2006qf,
	Address = {Memphis TN},
	Author = {Cablk, M.* and Heaton, J and Esque, T and Nussear, K},
	Booktitle = {Annual meetings of the Ecological Society of America},
	Title = {{Humans vs K9s: is fear warranted in the race to save the desert tortoise?}},
	Year = {2006}}

@inproceedings{Snyder:2010zt,
	Address = {Providence RI},
	Author = {Snyder, S J.* and Tracy1, C R and Nussear, K E and DeFalco, L A},
	Booktitle = {Joint Meeting of Ichthyologists and Herpetologists},
	Title = {{Quantifying the Thermal Quality of Burned and Unburned Habitat for the Desert Tortoise (Gopherus agassizii)}},
	Year = {2010}}

@inproceedings{Wilson:1999hq,
	Address = {Spokane, WA},
	Author = {Wilson, D S and Tracy, C R and Nussear*, K E and Simandle, E T and Field, K J and Saethre, M B},
	Booktitle = {Annual meeting of the Ecological Society of America},
	Title = {{Translocation of desert tortoises: Investigation of habitat requirements [Poster]}},
	Year = {1999}}

@inproceedings{Wilson:2000cq,
	Address = {Las Vegas, NV},
	Author = {Wilson, D S and Tracy*, C R and Nussear, K E and Simandle, E T and Marlow, R W and Medica, P A and Corn, P S},
	Booktitle = {Annual Symposium of the Desert Tortoise Council},
	Title = {{Translocation as a tool for conservation of the desert tortoise: Utah studies}},
	Year = {2000}}

@inproceedings{Nussear:2006jl,
	Address = {Tucson, AZ},
	Author = {Nussear, K E.* and Esque, T C and Drake, K K and Medica, P A},
	Booktitle = {Annual Symposium of the Desert Tortoise Council},
	Title = {{Resident Tortoise Studies in Preparation for Desert Tortoise Translocations at Fort Irwin National Training Center, California}},
	Year = {2006}}

@inproceedings{Cablk:2010ye,
	Address = {Snowbird, UT},
	Author = {Cablk, M E.* and Esque, T C and Nussear, K E and Heaton, J S and Valentin, C and Harmon, R S and Clark, S S and Hurt, A},
	Booktitle = {17th Annual Conference of The Wildlife Society},
	Title = {{How capability studies validate wildlife detection dog teams as a legitimate survey tool}},
	Year = {2010}}

@inproceedings{Drake:2014fc,
	Address = {Austin TX},
	Author = {Drake, K.* and Bowen, L and Miles, K and Esque, T and Nussear, K and Lewison, R},
	Booktitle = {Annual meetings of the Society for Integrative and Comparative Biology},
	Title = {{Using genetics to understand physiological responses to environmental stressors in the desert tortoise}},
	Year = {2014}}

@inproceedings{Nussear:2000xq,
	Address = {Las Vegas, NV},
	Author = {Nussear, K E.* and Tracy, C R and Medica, P A and Marlow, R W and Saethre, M B and Corn, P S},
	Booktitle = {Annual Symposium of the Desert Tortoise Council},
	Title = {{Translocation as a tool for conservation of the desert tortoise: Nevada studies}},
	Year = {2000}}

@inproceedings{Nussear:1999mb,
	Address = {Spokane, WA},
	Author = {Nussear, K E.* and Tracy, C R and Saethre, M B and Medica, P A and Marlow, R M and Corn, P S},
	Booktitle = {Annual meeting of the Ecological Society of America},
	Title = {{Translocation as a conservation tool in the desert tortoise Gopherus agassizii}},
	Year = {1999}}

@inproceedings{Nussear:2005dk,
	Address = {Orlando, FL},
	Author = {Nussear, K E.* and Inman, R and Tracy, C R},
	Booktitle = {Annual meetings of the Society for Integrative and Comparative Biology},
	Title = {{Application of modeling activity and sampling availability toward improving monitoring of an elusive species}},
	Year = {2005}}

@inproceedings{inman2005elusive,
	Address = {Orlando, FL},
	Author = {Inman, R D and Nussear, K E and Tracy, C R},
	Booktitle = {Annual meetings of the Society for Integrative and Comparative Biology},
	Number = {6},
	Organization = {OXFORD UNIV PRESS INC JOURNALS DEPT, 2001 EVANS RD, CARY, NC 27513 USA},
	Pages = {1018},
	Title = {{Elusive species: A novel approach to measuring activity and sampling availability}},
	Volume = {45},
	Year = {2005}}

@inproceedings{Van-Zerr:2012wf,
	Address = {Las Vegas, NV},
	Author = {Van Zerr, V E.* and Aiello, C M and Emblidge, P G and Drake, K K and Medica, P A and Esque, T C and Nussear, K E},
	Booktitle = {37th Annual Symposium of the Desert Tortoise Council},
	Title = {{Geographic serology: Spatial analysis of mycoplasma antibody presence in wild desert tortoises [Poster]}},
	Year = {2012}}

@inproceedings{Tracy:2000wc,
	Address = {Las Vegas, NV},
	Author = {Tracy, C R.* and Nussear, K E and Wilson, D S and Field, K J and Medica, P A and Marlow, R W and Saethre, M B and Corn, P S and Simandle, E T},
	Booktitle = {Annual Symposium of the Desert Tortoise Council},
	Title = {{Translocation as a tool for conservation of the desert tortoise: Is translocation a reasonable strategy for desert tortoises displaced by urban expansion?}},
	Year = {2000}}

@inproceedings{Inman:2009hi,
	Address = {Portland, OR},
	Author = {Inman, R D.* and Nussear, K E and Tracy, C R},
	Booktitle = {Joint Meeting of the American Society of Ichthyologists and Herpetologists, Society for the Study of Amphibians and Reptiles, and the Herpetologists' League},
	Title = {{Predicting Spring Activity in Desert Tortoises (Gopherus agassizii)}},
	Year = {2009}}

@inproceedings{Dilts:2014wu,
	Address = {Reno, NV},
	Author = {Dilts, T.* and Weisberg, P J and Leitner, P and Matocq, M D and Inman, R D and Nussear, K E and Esque, T C},
	Booktitle = {The Wildlife Society Western Section Annual Meeting},
	Title = {{Landscape connectivity of the mohave ground squirrel: a multi-scale framework for conservation prioritization}},
	Year = {2014}}

@inproceedings{Snyder:2010ft,
	Address = {Pittsburgh, PA},
	Author = {Snyder*, S J and Nussear, K E and Tracy, C R},
	Booktitle = {95th Meeting of the Ecological Society of America},
	Title = {{Problems associated with modeling operative temperature in microhabitats that alter the spectral composition of incident radiation [Poster]}},
	Year = {2010}}

@inproceedings{Nussear:1996ak,
	Address = {Bishop CA},
	Author = {Nussear, K E.* and Gubbins, C M and Espinoza, R E and Hayes, J P},
	Booktitle = {Annual meeting of Physiological Ecologists},
	Title = {{Proximate determinants of metabolism: does fiber affect SMR in the chuckwalla (Sauromalus obesis)?}},
	Year = {1996}}

@inproceedings{DeFalco:2007bq,
	Address = {San Jose CA},
	Author = {DeFalco L. A.*, T C Esque and Nussear, K E and Drake, K K and Scoles, S J and Medica, P A},
	Booktitle = {Annual meetings of the Ecological Society of America},
	Title = {{Does post-fire seeding in a Mojave Desert shrubland rehabilitate habitat for the desert tortoise?}},
	Year = {2007}}

@inproceedings{Snyder:2012by,
	Address = {Vancouver, B.C., Canada},
	Author = {Snyder, S J.* and Tracy, C R and Nussear, K E and Defalco, Lesley A and Esque, T C},
	Booktitle = {7th World Congress of Herpetology},
	Title = {{Assessing the impact of wildfire on desert tortoise (Gopherus agassizii) thermal biology}},
	Year = {2012}}

@inproceedings{Carpenter:1995ys,
	Address = {Shreveport, LA},
	Author = {Carpenter, G C.* and Simandle, E T and Espinoza, R E and Nussear, K E and Tracy, C R},
	Booktitle = {Annual meeting of the Southwestern Association of Naturalists},
	Title = {{Habitat requirements of the threatened endangered tortoise}},
	Year = {1995}}

@inproceedings{Drake:2012qr,
	Address = {Las Vegas, NV},
	Author = {Drake, K K and Nussear, K E and Esque, T C and Barber, A M and Vittum, K M and Medica, P A and Tracy, C R and Jr, K W Hunter},
	Booktitle = {37th Annual Symposium of the Desert Tortoise Council},
	Title = {{Evaluating Physiological Stress and Translocation in the Desert Tortoise}},
	Year = {2012}}

@inproceedings{Carpenter:1995sy,
	Address = {Fort Collins, CO},
	Author = {Carpenter, G C.* and Simandle, E T and Espinoza, R E and Nussear, K E and Tracy, C R},
	Booktitle = {Annual meeting of the Society for Conservation Biology},
	Title = {{Habitat requirements of the threatened endangered tortoise [Poster]}},
	Year = {1995}}

@inproceedings{Matocq:2014oq,
	Address = {Reno, NV},
	Author = {Matocq, M.* and Dilts, T E and Weisberg, P J and Leitner, P and Bell, K C and Inman, R D and Nussear, K E and Esque, T C},
	Booktitle = {The Wildlife Society Western Section Annual Meeting},
	Title = {{Historic and ongoing processes contributing to genetic diversity and divergence in the mohave ground squirrel (Xerospermophilus mohavensis)}},
	Year = {2014}}

@inproceedings{Inman:2005uk,
	Address = {Stellenbosch, South Africa},
	Author = {Inman R.*, K E Nussear and Heaton, J S and Tracy, C R},
	Booktitle = {5th World Congress of Herpetology},
	Title = {{Assessing sampling availability in desert tortoises (Gopherus agassizii)}},
	Year = {2005}}

@inproceedings{Van-Linn:2011tk,
	Address = {Las Vegas, NV},
	Author = {Van Linn P. F. III, K E Nussear and Esque, T C and DeFalco, L A and Abella, S R},
	Booktitle = {Annual Symposium of the Desert Tortoise Council},
	Title = {{Estimating Wildfire Potential in Gold Butte, NV Using Remote Sensing and Field Survey Techniques}},
	Year = {2011}}

@inproceedings{Tracy:1999wo,
	Address = {Spokane, WA},
	Author = {Tracy, C R and Nussear*, K E and Wasley, T},
	Booktitle = {Annual meeting of the Ecological Society of America},
	Title = {{Commercial Reptile Collecting in Nevada: Negative Impacts?}},
	Year = {1999}}

@inproceedings{Nussear:1999oe,
	Address = {State College, PA},
	Author = {Nussear, K E.* and Tracy, C R and Saethre, M B and Medica, P A and Marlow, R M and Corn, P S},
	Booktitle = {Joint Meeting of the American Society of Ichthyologists and Herpetologists, Society for the Study of Amphibians and Reptiles, and the Herpetologists' League},
	Title = {{The efficacy of translocation in the desert tortoise Gopherus agassizii}},
	Year = {1999}}

@inproceedings{Snyder:2013qc,
	Address = {Las Vegas, NV},
	Author = {Snyder, S J.* and Tracy, C R and Nussear, K E and Esque, T C and DeFalco, L A and Drake, K K and Modlin, A},
	Booktitle = {38th Annual Symposium of the Desert Tortoise Council},
	Title = {{Effects of fire on Desert tortoise thermal biology [Poster]}},
	Year = {2013}}

@inproceedings{Vandergast:2011cj,
	Address = {Wailoloa, HI},
	Author = {Vandergast, A G.* and Nussear, K E and Esque, T C and Fisher, R N and Barr, K R and Inman, R D and Hathaway, S A and Lahti, M and Wood, D A},
	Booktitle = {18th Annual Conference of The Wildlife Society},
	Title = {{Hotspots of genetic diversity and differentiation in the desert southwest and potential impacts of renewable energy development}},
	Year = {2011}}

@inproceedings{D.-S.-Wilson:1999ca,
	Address = {State College, PA},
	Author = {D. S. Wilson, C R Tracy and Nussear*, K E and Simandle, Eric and Field, Kim and Saethre, Mary},
	Booktitle = {Joint Meeting of the American Society of Ichthyologists and Herpetologists, Society for the Study of Amphibians and Reptiles, and the Herpetologists' League},
	Title = {{Habitat Requirements of the Desert Tortoise, Gopherus agassizii: First Year Results of Tortoise Movements At Five Translocation Sites [Poster]}},
	Year = {1999}}

@inproceedings{Esque:2015wb,
	Address = {Sacramento, CA},
	Author = {Esque, T C and Simes, M T and Shryock, D F and Brown, D E and Beatty, G L and Nussear, K E and Woodbridge, B and Johnson, D and Longshore, K M},
	Booktitle = {The CA/NV Golden Eagle Technical Team Meeting Meeting of the Raptor Research Foundation},
	Title = {{Hare Today, Gone Tomorrow? Population Status of Selected Leporidae in the American West}},
	Year = {2015}}

@inproceedings{Aiello:2012qd,
	Address = {Las Vegas, NV},
	Author = {Aiello C. M.*, P G Emblidge and Esque, T C and Nussear, K E and Drake, K K},
	Booktitle = {37th Annual Symposium of the Desert Tortoise Council},
	Title = {{Evidence of winter activity of the Agassiz's desert tortoise (Gopherus agassizii) in the central Mojave desert [Poster]}},
	Year = {2012}}

@inproceedings{Esque:2012wj,
	Address = {Las Vegas, NV},
	Author = {Esque, T C.* and Drake, K K and Nussear, K E and DeFalco, L A and Scoles-Sciulla, S and Medica, P A},
	Booktitle = {37th Annual Symposium of the Desert Tortoise Council},
	Title = {{Desert tortoise use of burned habitat in the eastern Mojave Desert}},
	Year = {2012}}

@inproceedings{Tracy:2003df,
	Address = {Chico CA},
	Author = {Tracy, C R.* and Nussear, K E and Esque, T C and Dean-Bradley, K and Castle, K T and DeFalco, L A},
	Booktitle = {Joint Meeting of the Society for the Study of Evolution, and the Society of Systematic Biologists},
	Title = {{Nutritional ecology of an herbivorous reptile}},
	Year = {2003}}

@inproceedings{Drake:2007lk,
	Address = {Las Vegas, NV},
	Author = {Drake, K K.* and DeFalco, L A and Esque, T C and Nussear, K E and Medica, P A},
	Booktitle = {Annual Symposium of the Desert Tortoise Council},
	Title = {{Desert Tortoise use of seeded burned critical habitat. Annual Symposium of the Desert Tortoise Council}},
	Year = {2007}}

@inproceedings{Nussear:2014si,
	Address = {Ontario, CA},
	Author = {Nussear*, K E and Modlin, A and Esque, T C and Woodard, R and Blandford, C and Simon, K},
	Booktitle = {39th Annual Meeting and Symposium The Desert Tortoise Council},
	Title = {{Connectivity within desert tortoise populations inhabiting mountain passes}},
	Year = {2014}}

@inproceedings{Esque:2011ez,
	Address = {Las Vegas, NV},
	Author = {Esque, T C.* and Nussear, K E and Heaton, J S and Webb, R H},
	Booktitle = {Annual Symposium of the Desert Tortoise Council},
	Title = {{Desert Tortoise Potential Habitat Relative to Land Status and Conservation Areas}},
	Year = {2011}}

@inproceedings{Nussear:1994fb,
	Address = {Ft. Collins, CO},
	Author = {Nussear, K E.*},
	Booktitle = {Ecological Research at Colorado State University and the Conservation of Biodiversity},
	Title = {{Locomotory performance in tadpoles and frogs, the challenges of metamorphosis}},
	Year = {1994}}

@inproceedings{Nussear:2008le,
	Address = {Las Vegas NV},
	Author = {Nussear, K E.* and Esque, T C and Drake, K and Medica, P A and Barber, A M and Tracy, C R and Hunter, K},
	Booktitle = {Annual Symposium of the Desert Tortoise Council},
	Title = {{Corticosterone values for desert tortoises prior to translocation}},
	Year = {2008}}

@inproceedings{:2003qp,
	Address = {Toronto, Canada},
	Author = {*, Tracy C R and Nussear, K E and Medica, P A and Marlow, R W and Corn, P S},
	Booktitle = {Annual meetings of the Society for Integrative and Comparative Biology},
	Title = {{Estimates of population size in the desert tortoise may be impossible or impractical}},
	Year = {2003}}

@inproceedings{Modlin:2012ef,
	Address = {Las Vegas, NV},
	Author = {Modlin, A T.* and Inman, R D and Nussear, K E and Esque, T C and Drake, K K},
	Booktitle = {37th Annual Symposium of the Desert Tortoise Council},
	Title = {{A bird's eye view: Applying novel technology to the study of desert tortoise movement and interaction [Poster]}},
	Year = {2012}}

@inproceedings{Tracy:1997wt,
	Address = {Prague, Czech Republic},
	Author = {Tracy, C R.* and Hillard, S and Nussear, K E and Esque, T and Simandle, E T and Wilson, D S and Tracy, C R},
	Booktitle = {Third World Congress of Herpetolog},
	Title = {{Climate change and biophysical constraints on the efficacy of habitat for reptiles}},
	Year = {1997}}

@inproceedings{Esque:2012tx,
	Address = {Vancouver, B.C., Canada},
	Author = {Esque, T C.* and Drake, K K and Nussear, K E and Defalco, Lesley A and Scoles-Sciulla, Sara and Medica, Philip A},
	Booktitle = {7th World Congress of Herpetology},
	Title = {{Desert Tortoise Use of Burned Habitat}},
	Year = {2012}}

@inproceedings{Esque:2007fe,
	Address = {Las Vegas, NV},
	Author = {Esque, T C.* and Nussear, K E and Gass, L and Thomas, K A and Webb, R H and Wallace, C S A and Blainey, J B and Miller, D M and Heaton, J S},
	Booktitle = {Annual Symposium of the Desert Tortoise Council},
	Title = {{A Predictive Habitat Model for the Mojave Desert Tortoise}},
	Year = {2007}}

@inproceedings{Germano:2012ts,
	Address = {Las Vegas, NV},
	Author = {Germano, J.* and Zerr, V E Van and Walsh, A and Esque, T and Nussear, K and Lamberski, N},
	Booktitle = {Southwest Partners in Amphibian and Reptile Conservation},
	Title = {{The Impacts of Upper Respiratory Tract Disease on the Olfactory Behavior of the Mojave Desert Tortoise [Poster]}},
	Year = {2012}}

@inproceedings{Drake:2008hb,
	Address = {Las Vegas NV},
	Author = {Drake, K.* and DeFalco, L A and Nussear, K E and Esque, T C and Scoles-Scuilla, S and Medica, P A},
	Booktitle = {Annual Symposium of the Desert Tortoise Council},
	Title = {{An update on desert tortoise use of burned critical habitat in Nevada}},
	Year = {2008}}

@inproceedings{Nussear:2003om,
	Address = {Toronto, Canada},
	Author = {Nussear, K E * and Tracy, C R},
	Booktitle = {Annual meetings of the Society for Integrative and Comparative Biology},
	Title = {{Influence of animal absorptance on the thermal biology of desert tortoises}},
	Year = {2003}}

@inproceedings{Bunyan:2012vf,
	Address = {Portland, OR},
	Author = {Bunyan, M.* and Jaeger, J R and Inman, R D and Fletcher, D M and Nussear, K E},
	Booktitle = {Ecological Society of America},
	Title = {{Assessing niche partitioning and competition between sympatric thrashers}},
	Year = {2012}}

@inproceedings{Heaton:2007if,
	Address = {Las Vegas, NV},
	Author = {Heaton, J S.* and Nussear, K E and Aldrich, E},
	Booktitle = {Annual Symposium of the Desert Tortoise Council},
	Title = {{2005 Desert Tortoise Distance Sampling Threat Indicators}},
	Year = {2007}}

@inproceedings{Johnson:2012oj,
	Address = {Las Vegas, NV},
	Author = {Johnson, J.* and Garner, M and Braun, J and Nussear, K E and Esque, T C and Drake, K K and Berger, A J},
	Booktitle = {37th Annual Symposium of the Desert Tortoise Council},
	Title = {{Chlamydiosis in a research population of juvenile desert tortoises}},
	Year = {2012}}

@inproceedings{Nussear:1995ng,
	Address = {Zyzzx, CA},
	Author = {Nussear, K E.* and Tracy, C R and Esque, T C and Dean-Bradley, K and Castle, K and Defalco, L A},
	Booktitle = {National Biological Service Desert Tortoise Nutrition Workshop},
	Title = {{Diet selection: addressing the hypothesis of nutritional wisdom}},
	Year = {1995}}

@inproceedings{Nussear:2012bx,
	Address = {Las Vegas, NV},
	Author = {Nussear, K E.* and Esque, T C and Berger, A J and Drake, K K},
	Booktitle = {BLM/USFWS Dust Palliative Workshop},
	Title = {{Dust palliative effects on Juvenile Desert Tortoises (2010 -- 2011) Results}},
	Year = {2012}}

@inproceedings{Esque:2009dz,
	Address = {Mesquite, NV},
	Author = {Esque, T C*. and Nussear, K E and Boarman, W I and Walde, A D and Woodman, A P and Berry, K H and Averill-Murray, R C and Darst, C R and Drake, K K and Mack, J and Medica, P A},
	Booktitle = {Annual Symposium of the Desert Tortoise Council},
	Title = {{Predation and Translocated Desert Tortoises at Ft. Irwin National Training Center: Separating Fact from Fiction}},
	Year = {2009}}

@inproceedings{Cablk:2007cl,
	Address = {Las Vegas, NV},
	Author = {Cablk, M E.* and Heaton, J S and Nussear, K E and Esque, T C},
	Booktitle = {Annual Symposium of the Desert Tortoise Council},
	Title = {{An Update of the DTK9 Program 2006 Field Effort}},
	Year = {2007}}

@inproceedings{Esque:2015ya,
	Address = {Las Vegas, NV},
	Author = {Esque, T C.* and Shryock, D F and Nussear, K E and Berger, A J and Chen, F C and Drake, K K and Inman, R D},
	Booktitle = {40th Annual Meeting and Symposium The Desert Tortoise Council},
	Title = {{What drives vegetation Change after fires, and why is that change important to Sonoran desert tortoises?}},
	Year = {2015}}

@inproceedings{Nussear:2004eq,
	Address = {Las Vegas, NV},
	Author = {Nussear, K E.* and Tracy, C R and Inman, R D and Heaton, J S and Medica, P A},
	Booktitle = {Annual Symposium of the Desert Tortoise Council},
	Title = {{Can modeling of tortoise activity be used to improve species monitoring?}},
	Year = {2004}}

@inproceedings{Sears:2002vh,
	Address = {Kansas City, KS},
	Author = {Sears, M W * and Nussear, K E and Simandle, E T and Tracy, C R},
	Booktitle = {Joint Meeting of the American Society of Ichthyologists and Herpetologists, Society for the Study of Amphibians and Reptiles, and the Herpetologists' League},
	Title = {{Size, color, and position do matter: the influence of physical attributes on the performance of operative temperature models}},
	Year = {2002}}

@inproceedings{Esque:2012cz,
	Address = {Portland, OR},
	Author = {Esque, T.C.* and Drake, K K and Nussear, K E and DeFalco, L A and Scoles-Sciulla, S and Medica, P A and Inman, R D and Vandergast, A},
	Booktitle = {World Congress on Fire Ecology, Association of Fire Ecologists},
	Title = {{Response of the Mojave desert tortoise to post-fire changes in habitat. Special session on responding to an ecological collision: native species management, biological invasions and fire}},
	Year = {2012}}

@inproceedings{drake2010does,
	Address = {Seattle, WA},
	Author = {Drake, K K and Nussear, K E and Esque, T C and Barber, A and Medica, P A and Tracy, C R},
	Booktitle = {Annual meetings of the Society for Integrative and Comparative Biology},
	Organization = {OXFORD UNIV PRESS INC JOURNALS DEPT, 2001 EVANS RD, CARY, NC 27513 USA},
	Pages = {E46--E46},
	Title = {{Does Translocation Effect Physiological Stress Levels in Desert Tortoises?}},
	Volume = {50},
	Year = {2010}}

@inproceedings{barber2010structural,
	Address = {Seattle, WA},
	Author = {Barber, A M and Drake, K K and Nussear, K E and Esque, T C and Tracy, C R and Medica, P A},
	Booktitle = {Annual meetings of the Society for Integrative and Comparative Biology},
	Organization = {OXFORD UNIV PRESS INC JOURNALS DEPT, 2001 EVANS RD, CARY, NC 27513 USA},
	Pages = {E8--E8},
	Title = {{Structural equation modeling as a tool to evaluate translocation stress in the desert tortoise}},
	Volume = {50},
	Year = {2010}}

@inproceedings{inman2007cos,
	Address = {San Jose, CA},
	Author = {Inman, Richard and Nussear, Kenneth and Tracy, C Richard},
	Booktitle = {Annual meetings of the Ecological Society of America},
	Title = {{Population trends: Can distance sampling be used to assess the efficacy of management actions for desert tortoise populations}},
	Year = {2007}}

@article{Edwards2015TestingZone,
	Author = {Edwards, T. and Berry, K. H. and Inman, R. D. and Esque, T. C. and Nussear, K. E. and Jones, C. A. and Culver, M.},
	Doi = {10.1002/ece3.1500},
	Issn = {20457758},
	Journal = {Ecology and Evolution},
	Keywords = {Cline, Gopherus, Hybrid zone, Mojave Desert, Secondary contact, Sonoran Desert},
	Month = {4},
	Number = {10},
	Pages = {2095--2114},
	Pmid = {26045959},
	Title = {{Testing Taxon Tenacity of Tortoises: Evidence for a geographical selection gradient at a secondary contact zone}},
	Url = {http://doi.wiley.com/10.1002/ece3.1500},
	Volume = {5},
	Year = {2015},
	Bdsk-Url-1 = {http://doi.wiley.com/10.1002/ece3.1500},
	Bdsk-Url-2 = {http://dx.doi.org/10.1002/ece3.1500}}

@article{Germano2014ImpactsTortoise.,
	Author = {Germano, J. and Van Zerr, V. E and Esque, T. C and Nussear, K. E and Lamberski, N.},
	Doi = {10.7589/2013-06-130},
	Issn = {1943-3700},
	Journal = {Journal of Wildlife Diseases},
	Keywords = {detecting predators, gopherus agassizii, including tortoises, ma agassizii, mycoplas-, olfaction, scent, tion for finding food, turtles, urtd, use olfac-},
	Month = {2},
	Number = {2},
	Pages = {354--348},
	Pmid = {24506425},
	Title = {{Impacts of upper respiratory tract disease on olfactory behavior of the Mojave desert tortoise.}},
	Url = {http://www.ncbi.nlm.nih.gov/pubmed/24506425},
	Volume = {50},
	Year = {2014},
	Bdsk-Url-1 = {http://www.ncbi.nlm.nih.gov/pubmed/24506425},
	Bdsk-Url-2 = {http://dx.doi.org/10.7589/2013-06-130}}

@article{Munson2015Long-termDesert,
	Author = {Munson, S. M. and Webb, R. H. and Housman, D. C. and Veblen, K. E. and Nussear, K. E. and Beever, E. A. and Hartney, K. B. and Miriti, M. N. and Phillips, S. L. and Fulton, R. E. and Tallent, N. G.},
	Doi = {10.1111/1365-2745.12381},
	Isbn = {1365-2745},
	Issn = {13652745},
	Journal = {Journal of Ecology},
	Keywords = {Aridity, Climate change, Deserts and dryland ecosystems, Drought impacts, Ecohydrology, Land degradation, Mojave Desert, Plant species cover, Plant-climate interactions},
	Month = {2},
	Number = {3},
	Pages = {657--668},
	Title = {{Long-term plant responses to climate are moderated by biophysical attributes in a North American desert}},
	Url = {http://doi.wiley.com/10.1111/1365-2745.12381},
	Volume = {103},
	Year = {2015},
	Bdsk-Url-1 = {http://doi.wiley.com/10.1111/1365-2745.12381},
	Bdsk-Url-2 = {http://dx.doi.org/10.1111/1365-2745.12381}}

@article{SimesCommonNevada,
	Author = {Simes, M. D. and Streit, J. and Longshore, K. M. and Nussear, K. E. and Esque, T. C.},
	Journal = {The Wilson Journal of Ornithology},
	Title = {{Common raven (Corvus corax) kleptoparasitism at Golden Eagle (Aquila chyrsaetos) nest in southern Nevada}}}

@article{Inman2013IsMohavensis,
	Author = {Inman, R. D. and Esque, T. C. and Nussear, K. E. and Leitner, P. and Matocq, M. D. and Weisberg, P. J. and Dilts, T. E. and Vandergast, A. G.},
	Doi = {10.3354/esr00487},
	Issn = {16134796},
	Journal = {Endangered Species Research},
	Keywords = {Habitat suitability, Maximum entropy, Mohave ground squirrel, Renewable energy},
	Month = {2},
	Number = {1},
	Pages = {1--18},
	Title = {{Is there room for all of us? Renewable energy and Xerospermophilus mohavensis}},
	Url = {http://www.int-res.com/abstracts/esr/v20/n1/p1-18/},
	Volume = {20},
	Year = {2013},
	Bdsk-Url-1 = {http://www.int-res.com/abstracts/esr/v20/n1/p1-18/},
	Bdsk-Url-2 = {http://dx.doi.org/10.3354/esr00487}}

@article{VanLinn2013EstimatingSampling,
	Author = {Van Linn, P. F. and Nussear, K. E. and Esque, T. C. and Defalco, L. A. and Inman, R. D. and Abella, S. R.},
	Doi = {10.1071/WF12158},
	Issn = {10498001},
	Journal = {International Journal of Wildland Fire},
	Keywords = {Bromus madritensis, Bromus tectorum, Gold Butte, Schismus barbatus., desert fire risk modelling, fuel load modelling, landscape wildfire prediction},
	Number = {6},
	Pages = {770--779},
	Title = {{Estimating wildfire risk on a Mojave Desert landscape using remote sensing and field sampling}},
	Volume = {22},
	Year = {2013},
	Bdsk-Url-1 = {http://dx.doi.org/10.1071/WF12158}}

@article{Aiello2016HostManagement.,
	Author = {Aiello, C. M and Nussear, K. E and Esque, T. C and Emblidge, P. G and Sah, P. and Bansal, S. and Hudson, P. J.},
	Doi = {10.1111/1365-2656.12511},
	Issn = {1365-2656},
	Journal = {The Journal of animal ecology},
	Month = {3},
	Number = {3},
	Pages = {829--842},
	Pmid = {26935482},
	Title = {{Host contact and shedding patterns clarify variation in pathogen exposure and transmission in threatened tortoise Gopherus agassizii: implications for disease modeling and management.}},
	Url = {http://www.ncbi.nlm.nih.gov/pubmed/26935482},
	Volume = {85},
	Year = {2016},
	Bdsk-Url-1 = {http://www.ncbi.nlm.nih.gov/pubmed/26935482},
	Bdsk-Url-2 = {http://dx.doi.org/10.1111/1365-2656.12511}}

@article{Tracy2010MicroclimateAustralia,
	Author = {Tracy, C. R. and Streten-Joyce, C. and Dalton, R. and Nussear, K. E. and Gibb, K. S. and Christian, K. A.},
	Doi = {10.1111/j.1462-2920.2009.02098.x},
	Isbn = {1462-2920},
	Issn = {14622912},
	Journal = {Environmental Microbiology},
	Keywords = {16S, 16S: genetics, Australia, Cyanobacteria, Cyanobacteria: classification, Cyanobacteria: genetics, Cyanobacteria: physiology, Light, Microclimate, Molecular Sequence Data, Photosynthesis, Photosynthesis: physiology, Phylogeny, RNA, Ribosomal, Soil Microbiology, Temperature},
	Month = {3},
	Number = {3},
	Pages = {592--607},
	Pmid = {19919538},
	Title = {{Microclimate and limits to photosynthesis in a diverse community of hypolithic cyanobacteria in northern Australia}},
	Url = {http://www.ncbi.nlm.nih.gov/pubmed/19919538},
	Volume = {12},
	Year = {2010},
	Bdsk-Url-1 = {http://www.ncbi.nlm.nih.gov/pubmed/19919538},
	Bdsk-Url-2 = {http://dx.doi.org/10.1111/j.1462-2920.2009.02098.x}}

@article{Inman2016ImpactsUSA,
	Author = {Inman, R. D. and Esque, T. C. and Nussear, K. E. and Leitner, P. and Matocq, M. D. and Weisberg, P. J. and Dilts, T. E.},
	Doi = {10.1016/j.biocon.2016.05.033},
	Issn = {00063207},
	Journal = {Biological Conservation},
	Pages = {112--121},
	Title = {{Impacts of climate change and renewable energy development on habitat of an endemic squirrel, Xerospermophilus mohavensis, in the Mojave Desert, USA}},
	Volume = {200},
	Year = {2016},
	Bdsk-Url-1 = {http://dx.doi.org/10.1016/j.biocon.2016.05.033}}

@article{Simes2015Black-TailedMethods,
	Author = {Simes, M. T. and Longshore, K. M. and Nussear, K. E. and Beatty, G. L. and Brown, D. E. and Esque, T. C.},
	Doi = {10.3398/064.075.0406},
	Issn = {1527-0904},
	Journal = {Western North American Naturalist},
	Month = {10},
	Number = {4},
	Pages = {491--519},
	Publisher = {Brigham Young University},
	Title = {{Black-Tailed and White-Tailed Jackrabbits in the American West: History, Ecology, Ecological Significance, and Survey Methods}},
	Url = {http://www.bioone.org/doi/10.3398/064.075.0406},
	Volume = {75},
	Year = {2015},
	Bdsk-Url-1 = {http://www.bioone.org/doi/10.3398/064.075.0406},
	Bdsk-Url-2 = {http://dx.doi.org/10.3398/064.075.0406}}

@article{Sah2016InferringSpecies,
	Author = {Sah, P. and Nussear, K. E. and Esque, T. C. and Aiello, C. M. and Hudson, P. J. and Bansal, S.},
	Doi = {10.1101/025494},
	Issn = {0340-5443},
	Journal = {Behavioral Ecology and Sociobiology},
	Language = {en},
	Month = {8},
	Publisher = {Cold Spring Harbor Labs Journals},
	Title = {{Inferring social structure and its drivers from refuge use in the desert tortoise, a relatively solitary species}},
	Url = {http://biorxiv.org/content/early/2016/05/07/025494.abstract},
	Year = {2016},
	Bdsk-Url-1 = {http://biorxiv.org/content/early/2016/05/07/025494.abstract},
	Bdsk-Url-2 = {http://dx.doi.org/10.1101/025494}}

@article{Dilts2016MultiscaleChange,
	Author = {Dilts, T. E. and Weisberg, P. J. and Leitner, P. and Matocq, M. D. and Inman, R. D. and Nussear, K. E. and Esque, T. C.},
	Doi = {10.1890/15-0925},
	Issn = {10510761},
	Journal = {Ecological Applications},
	Keywords = {Mojave Desert, USA, Xerospermophilus mohavensis, circuit theory, conservation planning, graph theory, habitat connectivity, habitat network, lattice, least‐cost path, multiple spatial scales},
	Month = {6},
	Number = {4},
	Pages = {1223--1237},
	Title = {{Multiscale connectivity and graph theory highlight critical areas for conservation under climate change}},
	Url = {http://doi.wiley.com/10.1890/15-0925},
	Volume = {26},
	Year = {2016},
	Bdsk-Url-1 = {http://doi.wiley.com/10.1890/15-0925},
	Bdsk-Url-2 = {http://dx.doi.org/10.1890/15-0925}}

@article{Drake2015DesertDesert,
	Author = {Drake, K. K. and Esque, T. C. and Nussear, K. E. and Defalco, L. A. and Scoles-Sciulla, S. J. and Modlin, A. T. and Medica, P. A.},
	Doi = {10.1002/jwmg.874},
	Issn = {0022541X},
	Journal = {The Journal of Wildlife Management},
	Keywords = {Gopherus agassizii, Nevada, behavior, critical habitat, habitat use, invasive annuals, movement, wildfire},
	Month = {4},
	Number = {4},
	Pages = {618--629},
	Title = {{Desert tortoise use of burned habitat in the Eastern Mojave desert}},
	Url = {http://doi.wiley.com/10.1002/jwmg.874},
	Volume = {79},
	Year = {2015},
	Bdsk-Url-1 = {http://doi.wiley.com/10.1002/jwmg.874},
	Bdsk-Url-2 = {http://dx.doi.org/10.1002/jwmg.874}}

@article{Bowen2015IntegratingHealth,
	Author = {Bowen, L. and Miles, A. K. and Drake, K. K. and Waters, S. C. and Esque, T. C. and Nussear, K. E.},
	Doi = {10.1007/s10393-014-0998-8},
	Issn = {1612-9202},
	Journal = {EcoHealth},
	Month = {9},
	Number = {3},
	Pages = {501--512},
	Publisher = {Springer US},
	Title = {{Integrating Gene Transcription-Based Biomarkers to Understand Desert Tortoise and Ecosystem Health}},
	Url = {http://link.springer.com/10.1007/s10393-014-0998-8},
	Volume = {12},
	Year = {2015},
	Bdsk-Url-1 = {http://link.springer.com/10.1007/s10393-014-0998-8},
	Bdsk-Url-2 = {http://dx.doi.org/10.1007/s10393-014-0998-8}}

@article{Emblidge2015SeverePredator,
	Author = {Emblidge, P. G. and Nussear, K. E. and Esque, T. C. and Aiello, C. M. and Walde, A. D.},
	Doi = {10.3354/esr00680},
	Issn = {1863-5407},
	Journal = {Endangered Species Research},
	Keywords = {American badger, Desert tortoise, Native predator, Predation},
	Month = {7},
	Number = {2},
	Pages = {109--116},
	Title = {{Severe mortality of a population of threatened Agassiz's desert tortoises: the American badger as a potential predator}},
	Url = {http://www.int-res.com/abstracts/esr/v28/n2/p109-116/},
	Volume = {28},
	Year = {2015},
	Bdsk-Url-1 = {http://www.int-res.com/abstracts/esr/v28/n2/p109-116/},
	Bdsk-Url-2 = {http://dx.doi.org/10.3354/esr00680}}

@article{Aiello2014DiseaseNetworks,
	Author = {Aiello, C. M. and Nussear, K. E. and Walde, A. D. and Esque, T. C. and Emblidge, P. G. and Sah, P. and Bansal, S. and Hudson, P. J.},
	Doi = {10.1111/acv.12147},
	Issn = {13679430},
	Journal = {Animal Conservation},
	Keywords = {Mycoplasma, contact networks, desert tortoise, disease risk, pathogen transmission dynamics, translocation},
	Month = {12},
	Number = {S1},
	Pages = {27--39},
	Title = {{Disease dynamics during wildlife translocations: disruptions to the host population and potential consequences for transmission in desert tortoise contact networks}},
	Url = {http://doi.wiley.com/10.1111/acv.12147},
	Volume = {17},
	Year = {2014},
	Bdsk-Url-1 = {http://doi.wiley.com/10.1111/acv.12147},
	Bdsk-Url-2 = {http://dx.doi.org/10.1111/acv.12147}}

@article{Drake2012GopherusSloughing,
	Author = {Drake, K. K. and Medica, P. A. and Esque, T. C. and Nussear, K. E.},
	Journal = {Herpetological Review},
	Pages = {473--474},
	Title = {{Gopherus agassizii (Agassiz's desert tortoise). scute dysecdysis/scute sloughing}},
	Volume = {43},
	Year = {2012}}

@article{Nussear2008AreAgassizii,
	Author = {Nussear, K. E. and Esque, T. C. and Heaton, J. S. and Cablk, M. E. and Drake, K. K. and Valentin, C. and Yee, J. L. and Medica, P.A.},
	Issn = {19317603},
	Journal = {Herpetological Conservation and Biology},
	Keywords = {California, Desert Tortoise, Gopherus agassizii, Mojave Desert, canine, detector dogs, survey detectability, ---Fort Irwin},
	Number = {1},
	Pages = {103--115},
	Title = {{Are wildlife detection dogs or people better at finding desert tortoises (Gopherus agassizii)}},
	Volume = {3},
	Year = {2008}}

@inproceedings{Edwards2015CharacterizationArizona,
	Address = {Las Vegas, NV},
	Author = {Edwards, T.* and Berry, K. H. and Inman, R. D. and Esque, T. C. and Nussear, K. E. and Jones, C. A. and Culver, M.},
	Booktitle = {40th Annual Meeting and Symposium of the Desert Tortoise Council},
	Title = {{Characterization of a secondary contact zone between Gopherus agassizii and G. morafkai in northwestern Arizona}},
	Year = {2015}}
